@article{magic,
      title={MaGIC: Multi-modality Guided Image Completion},
      author={Yu, Yongsheng and Wang, Hao and Luo, Tiejian and Fan, Heng and Zhang, Libo},
      journal={arXiv preprint arXiv:2305.11818},
      year={2023}
}